%YAML 1.1
%TAG !u! tag:unity3d.com,2011:
--- !u!1 &6094537644920528088
GameObject:
  m_ObjectHideFlags: 0
  m_CorrespondingSourceObject: {fileID: 0}
  m_PrefabInstance: {fileID: 0}
  m_PrefabAsset: {fileID: 0}
  serializedVersion: 6
  m_Component:
  - component: {fileID: 6094537644920528091}
  - component: {fileID: 6094537644920528093}
  - component: {fileID: 6094537644920528090}
  - component: {fileID: 6149157601589118452}
  m_Layer: 5
  m_Name: Image
  m_TagString: Untagged
  m_Icon: {fileID: 0}
  m_NavMeshLayer: 0
  m_StaticEditorFlags: 0
  m_IsActive: 1
--- !u!224 &6094537644920528091
RectTransform:
  m_ObjectHideFlags: 0
  m_CorrespondingSourceObject: {fileID: 0}
  m_PrefabInstance: {fileID: 0}
  m_PrefabAsset: {fileID: 0}
  m_GameObject: {fileID: 6094537644920528088}
  m_LocalRotation: {x: -0, y: -0, z: -0, w: 1}
  m_LocalPosition: {x: 0, y: 0, z: 0}
  m_LocalScale: {x: 1, y: 1, z: 1}
  m_Children: []
  m_Father: {fileID: 6094537645974524942}
  m_RootOrder: 0
  m_LocalEulerAnglesHint: {x: 0, y: 0, z: 0}
  m_AnchorMin: {x: 0.5, y: 0.5}
  m_AnchorMax: {x: 0.5, y: 0.5}
  m_AnchoredPosition: {x: 5.9999695, y: -81.89999}
  m_SizeDelta: {x: 300, y: 300}
  m_Pivot: {x: 0.5, y: 0.5}
--- !u!222 &6094537644920528093
CanvasRenderer:
  m_ObjectHideFlags: 0
  m_CorrespondingSourceObject: {fileID: 0}
  m_PrefabInstance: {fileID: 0}
  m_PrefabAsset: {fileID: 0}
  m_GameObject: {fileID: 6094537644920528088}
  m_CullTransparentMesh: 1
--- !u!114 &6094537644920528090
MonoBehaviour:
  m_ObjectHideFlags: 0
  m_CorrespondingSourceObject: {fileID: 0}
  m_PrefabInstance: {fileID: 0}
  m_PrefabAsset: {fileID: 0}
  m_GameObject: {fileID: 6094537644920528088}
  m_Enabled: 1
  m_EditorHideFlags: 0
  m_Script: {fileID: 11500000, guid: fe87c0e1cc204ed48ad3b37840f39efc, type: 3}
  m_Name: 
  m_EditorClassIdentifier: 
  m_Material: {fileID: 0}
  m_Color: {r: 1, g: 1, b: 1, a: 1}
  m_RaycastTarget: 1
  m_RaycastPadding: {x: 0, y: 0, z: 0, w: 0}
  m_Maskable: 1
  m_OnCullStateChanged:
    m_PersistentCalls:
      m_Calls: []
  m_Sprite: {fileID: 21300000, guid: 2f72bf08ca3ba974497e37f48b086c5a, type: 3}
  m_Type: 0
  m_PreserveAspect: 1
  m_FillCenter: 1
  m_FillMethod: 4
  m_FillAmount: 1
  m_FillClockwise: 1
  m_FillOrigin: 0
  m_UseSpriteMesh: 0
  m_PixelsPerUnitMultiplier: 1
--- !u!114 &6149157601589118452
MonoBehaviour:
  m_ObjectHideFlags: 0
  m_CorrespondingSourceObject: {fileID: 0}
  m_PrefabInstance: {fileID: 0}
  m_PrefabAsset: {fileID: 0}
  m_GameObject: {fileID: 6094537644920528088}
  m_Enabled: 1
  m_EditorHideFlags: 0
  m_Script: {fileID: 11500000, guid: 306cc8c2b49d7114eaa3623786fc2126, type: 3}
  m_Name: 
  m_EditorClassIdentifier: 
  m_IgnoreLayout: 1
  m_MinWidth: -1
  m_MinHeight: -1
  m_PreferredWidth: -1
  m_PreferredHeight: -1
  m_FlexibleWidth: -1
  m_FlexibleHeight: -1
  m_LayoutPriority: 1
--- !u!1 &6094537645385245902
GameObject:
  m_ObjectHideFlags: 0
  m_CorrespondingSourceObject: {fileID: 0}
  m_PrefabInstance: {fileID: 0}
  m_PrefabAsset: {fileID: 0}
  serializedVersion: 6
  m_Component:
  - component: {fileID: 6094537645385245889}
  - component: {fileID: 6094537645385245888}
  - component: {fileID: 4918740486789951448}
  - component: {fileID: 9127553471901218066}
  - component: {fileID: 684394664335218744}
  m_Layer: 5
  m_Name: Text Message
  m_TagString: Untagged
  m_Icon: {fileID: 0}
  m_NavMeshLayer: 0
  m_StaticEditorFlags: 0
  m_IsActive: 1
--- !u!224 &6094537645385245889
RectTransform:
  m_ObjectHideFlags: 0
  m_CorrespondingSourceObject: {fileID: 0}
  m_PrefabInstance: {fileID: 0}
  m_PrefabAsset: {fileID: 0}
  m_GameObject: {fileID: 6094537645385245902}
  m_LocalRotation: {x: -0, y: -0, z: -0, w: 1}
  m_LocalPosition: {x: 0, y: 0, z: 0}
  m_LocalScale: {x: 1, y: 1, z: 1}
  m_Children:
  - {fileID: 6094537645922644820}
  - {fileID: 4422463033711449815}
  m_Father: {fileID: 0}
  m_RootOrder: 0
  m_LocalEulerAnglesHint: {x: 0, y: 0, z: 0}
  m_AnchorMin: {x: 0, y: 0}
  m_AnchorMax: {x: 0, y: 0}
  m_AnchoredPosition: {x: 0, y: 0}
  m_SizeDelta: {x: 0, y: 0}
  m_Pivot: {x: 0, y: 1}
--- !u!114 &6094537645385245888
MonoBehaviour:
  m_ObjectHideFlags: 0
  m_CorrespondingSourceObject: {fileID: 0}
  m_PrefabInstance: {fileID: 0}
  m_PrefabAsset: {fileID: 0}
  m_GameObject: {fileID: 6094537645385245902}
  m_Enabled: 1
  m_EditorHideFlags: 0
  m_Script: {fileID: 11500000, guid: 8a4be54824021e74ebee96bf3b213f09, type: 3}
  m_Name: 
  m_EditorClassIdentifier: 
  characterImage: {fileID: 6094537644920528090}
  text: {fileID: 8538768235770598784}
  nameField: {fileID: 7787029707526764541}
  colorOutline: {fileID: 9123242078489575726}
  notifSFX: {fileID: 11400000, guid: 279b5ad673fa51a4ab801819df530ae3, type: 2}
--- !u!114 &4918740486789951448
MonoBehaviour:
  m_ObjectHideFlags: 0
  m_CorrespondingSourceObject: {fileID: 0}
  m_PrefabInstance: {fileID: 0}
  m_PrefabAsset: {fileID: 0}
  m_GameObject: {fileID: 6094537645385245902}
  m_Enabled: 1
  m_EditorHideFlags: 0
  m_Script: {fileID: 11500000, guid: 30649d3a9faa99c48a7b1166b86bf2a0, type: 3}
  m_Name: 
  m_EditorClassIdentifier: 
  m_Padding:
    m_Left: 0
    m_Right: 0
    m_Top: 0
    m_Bottom: 0
  m_ChildAlignment: 6
  m_Spacing: 16
  m_ChildForceExpandWidth: 0
  m_ChildForceExpandHeight: 0
  m_ChildControlWidth: 1
  m_ChildControlHeight: 1
  m_ChildScaleWidth: 0
  m_ChildScaleHeight: 0
  m_ReverseArrangement: 0
--- !u!114 &9127553471901218066
MonoBehaviour:
  m_ObjectHideFlags: 0
  m_CorrespondingSourceObject: {fileID: 0}
  m_PrefabInstance: {fileID: 0}
  m_PrefabAsset: {fileID: 0}
  m_GameObject: {fileID: 6094537645385245902}
  m_Enabled: 1
  m_EditorHideFlags: 0
  m_Script: {fileID: 11500000, guid: 3245ec927659c4140ac4f8d17403cc18, type: 3}
  m_Name: 
  m_EditorClassIdentifier: 
  m_HorizontalFit: 2
  m_VerticalFit: 2
--- !u!114 &684394664335218744
MonoBehaviour:
  m_ObjectHideFlags: 0
  m_CorrespondingSourceObject: {fileID: 0}
  m_PrefabInstance: {fileID: 0}
  m_PrefabAsset: {fileID: 0}
  m_GameObject: {fileID: 6094537645385245902}
  m_Enabled: 1
  m_EditorHideFlags: 0
  m_Script: {fileID: 11500000, guid: 324cd9f1a39386c4bae1a9f7ad40eaa8, type: 3}
  m_Name: 
  m_EditorClassIdentifier: 
  transitionSpeed: 0.25
  onSFX: {fileID: 0}
  offSFX: {fileID: 0}
  onScreenPos: 64
  offScreenPos: -600
  transition: 0
--- !u!1 &6094537645922644821
GameObject:
  m_ObjectHideFlags: 0
  m_CorrespondingSourceObject: {fileID: 0}
  m_PrefabInstance: {fileID: 0}
  m_PrefabAsset: {fileID: 0}
  serializedVersion: 6
  m_Component:
  - component: {fileID: 6094537645922644820}
  - component: {fileID: 6094537645922644822}
  - component: {fileID: 6094537645922644823}
  - component: {fileID: 9123242078489575726}
  - component: {fileID: 5077949813097967332}
  - component: {fileID: 8913129019076653727}
  m_Layer: 5
  m_Name: Sender Image
  m_TagString: Untagged
  m_Icon: {fileID: 0}
  m_NavMeshLayer: 0
  m_StaticEditorFlags: 0
  m_IsActive: 1
--- !u!224 &6094537645922644820
RectTransform:
  m_ObjectHideFlags: 0
  m_CorrespondingSourceObject: {fileID: 0}
  m_PrefabInstance: {fileID: 0}
  m_PrefabAsset: {fileID: 0}
  m_GameObject: {fileID: 6094537645922644821}
  m_LocalRotation: {x: 0, y: 0, z: 0, w: 1}
  m_LocalPosition: {x: 0, y: 0, z: 0}
  m_LocalScale: {x: 1, y: 1, z: 1}
  m_Children:
  - {fileID: 6094537645974524942}
  m_Father: {fileID: 6094537645385245889}
  m_RootOrder: 0
  m_LocalEulerAnglesHint: {x: 0, y: 0, z: 0}
  m_AnchorMin: {x: 0, y: 0}
  m_AnchorMax: {x: 0, y: 0}
  m_AnchoredPosition: {x: 0, y: 0}
  m_SizeDelta: {x: 0, y: 0}
  m_Pivot: {x: 0, y: 0}
--- !u!222 &6094537645922644822
CanvasRenderer:
  m_ObjectHideFlags: 0
  m_CorrespondingSourceObject: {fileID: 0}
  m_PrefabInstance: {fileID: 0}
  m_PrefabAsset: {fileID: 0}
  m_GameObject: {fileID: 6094537645922644821}
  m_CullTransparentMesh: 1
--- !u!114 &6094537645922644823
MonoBehaviour:
  m_ObjectHideFlags: 0
  m_CorrespondingSourceObject: {fileID: 0}
  m_PrefabInstance: {fileID: 0}
  m_PrefabAsset: {fileID: 0}
  m_GameObject: {fileID: 6094537645922644821}
  m_Enabled: 1
  m_EditorHideFlags: 0
  m_Script: {fileID: 11500000, guid: fe87c0e1cc204ed48ad3b37840f39efc, type: 3}
  m_Name: 
  m_EditorClassIdentifier: 
  m_Material: {fileID: 0}
  m_Color: {r: 1, g: 1, b: 1, a: 1}
  m_RaycastTarget: 1
  m_RaycastPadding: {x: 0, y: 0, z: 0, w: 0}
  m_Maskable: 1
  m_OnCullStateChanged:
    m_PersistentCalls:
      m_Calls: []
  m_Sprite: {fileID: 21300000, guid: 876cfe1bfe65bce43a0aca1f996ccb1e, type: 3}
  m_Type: 0
  m_PreserveAspect: 1
  m_FillCenter: 1
  m_FillMethod: 4
  m_FillAmount: 1
  m_FillClockwise: 1
  m_FillOrigin: 0
  m_UseSpriteMesh: 0
  m_PixelsPerUnitMultiplier: 1
--- !u!114 &9123242078489575726
MonoBehaviour:
  m_ObjectHideFlags: 0
  m_CorrespondingSourceObject: {fileID: 0}
  m_PrefabInstance: {fileID: 0}
  m_PrefabAsset: {fileID: 0}
  m_GameObject: {fileID: 6094537645922644821}
  m_Enabled: 1
  m_EditorHideFlags: 0
  m_Script: {fileID: 11500000, guid: e19747de3f5aca642ab2be37e372fb86, type: 3}
  m_Name: 
  m_EditorClassIdentifier: 
  m_EffectColor: {r: 1, g: 0, b: 0, a: 1}
  m_EffectDistance: {x: 2, y: 2}
  m_UseGraphicAlpha: 1
--- !u!114 &5077949813097967332
MonoBehaviour:
  m_ObjectHideFlags: 0
  m_CorrespondingSourceObject: {fileID: 0}
  m_PrefabInstance: {fileID: 0}
  m_PrefabAsset: {fileID: 0}
  m_GameObject: {fileID: 6094537645922644821}
  m_Enabled: 1
  m_EditorHideFlags: 0
  m_Script: {fileID: 11500000, guid: 306cc8c2b49d7114eaa3623786fc2126, type: 3}
  m_Name: 
  m_EditorClassIdentifier: 
  m_IgnoreLayout: 0
  m_MinWidth: -1
  m_MinHeight: -1
  m_PreferredWidth: 60
  m_PreferredHeight: 60
  m_FlexibleWidth: -1
  m_FlexibleHeight: -1
  m_LayoutPriority: 1
--- !u!114 &8913129019076653727
MonoBehaviour:
  m_ObjectHideFlags: 0
  m_CorrespondingSourceObject: {fileID: 0}
  m_PrefabInstance: {fileID: 0}
  m_PrefabAsset: {fileID: 0}
  m_GameObject: {fileID: 6094537645922644821}
  m_Enabled: 1
  m_EditorHideFlags: 0
  m_Script: {fileID: 11500000, guid: cfabb0440166ab443bba8876756fdfa9, type: 3}
  m_Name: 
  m_EditorClassIdentifier: 
  m_EffectColor: {r: 0, g: 0, b: 0, a: 0.5}
  m_EffectDistance: {x: -4, y: -4}
  m_UseGraphicAlpha: 0
--- !u!1 &6094537645974524943
GameObject:
  m_ObjectHideFlags: 0
  m_CorrespondingSourceObject: {fileID: 0}
  m_PrefabInstance: {fileID: 0}
  m_PrefabAsset: {fileID: 0}
  serializedVersion: 6
  m_Component:
  - component: {fileID: 6094537645974524942}
  - component: {fileID: 6094537645974524931}
  - component: {fileID: 6094537645974524928}
  - component: {fileID: 6094537645974524929}
  m_Layer: 5
  m_Name: Image (1)
  m_TagString: Untagged
  m_Icon: {fileID: 0}
  m_NavMeshLayer: 0
  m_StaticEditorFlags: 0
  m_IsActive: 1
--- !u!224 &6094537645974524942
RectTransform:
  m_ObjectHideFlags: 0
  m_CorrespondingSourceObject: {fileID: 0}
  m_PrefabInstance: {fileID: 0}
  m_PrefabAsset: {fileID: 0}
  m_GameObject: {fileID: 6094537645974524943}
  m_LocalRotation: {x: 0, y: 0, z: 0, w: 1}
  m_LocalPosition: {x: 0, y: 0, z: 0}
  m_LocalScale: {x: 1, y: 1, z: 1}
  m_Children:
  - {fileID: 6094537644920528091}
  m_Father: {fileID: 6094537645922644820}
  m_RootOrder: 0
  m_LocalEulerAnglesHint: {x: 0, y: 0, z: 0}
  m_AnchorMin: {x: 0, y: 0}
  m_AnchorMax: {x: 1, y: 1}
  m_AnchoredPosition: {x: 0, y: 22}
  m_SizeDelta: {x: 0, y: 44}
  m_Pivot: {x: 0.5, y: 0.5}
--- !u!222 &6094537645974524931
CanvasRenderer:
  m_ObjectHideFlags: 0
  m_CorrespondingSourceObject: {fileID: 0}
  m_PrefabInstance: {fileID: 0}
  m_PrefabAsset: {fileID: 0}
  m_GameObject: {fileID: 6094537645974524943}
  m_CullTransparentMesh: 1
--- !u!114 &6094537645974524928
MonoBehaviour:
  m_ObjectHideFlags: 0
  m_CorrespondingSourceObject: {fileID: 0}
  m_PrefabInstance: {fileID: 0}
  m_PrefabAsset: {fileID: 0}
  m_GameObject: {fileID: 6094537645974524943}
  m_Enabled: 1
  m_EditorHideFlags: 0
  m_Script: {fileID: 11500000, guid: fe87c0e1cc204ed48ad3b37840f39efc, type: 3}
  m_Name: 
  m_EditorClassIdentifier: 
  m_Material: {fileID: 0}
  m_Color: {r: 1, g: 0.28773582, b: 0.28773582, a: 1}
  m_RaycastTarget: 1
  m_RaycastPadding: {x: 0, y: 0, z: 0, w: 0}
  m_Maskable: 1
  m_OnCullStateChanged:
    m_PersistentCalls:
      m_Calls: []
  m_Sprite: {fileID: 21300000, guid: 6423c466cc30a354fb3ddc934be031da, type: 3}
  m_Type: 1
  m_PreserveAspect: 0
  m_FillCenter: 1
  m_FillMethod: 4
  m_FillAmount: 1
  m_FillClockwise: 1
  m_FillOrigin: 0
  m_UseSpriteMesh: 0
  m_PixelsPerUnitMultiplier: 3.5
--- !u!114 &6094537645974524929
MonoBehaviour:
  m_ObjectHideFlags: 0
  m_CorrespondingSourceObject: {fileID: 0}
  m_PrefabInstance: {fileID: 0}
  m_PrefabAsset: {fileID: 0}
  m_GameObject: {fileID: 6094537645974524943}
  m_Enabled: 1
  m_EditorHideFlags: 0
  m_Script: {fileID: 11500000, guid: 31a19414c41e5ae4aae2af33fee712f6, type: 3}
  m_Name: 
  m_EditorClassIdentifier: 
  m_ShowMaskGraphic: 0
--- !u!1001 &4887976457454563761
PrefabInstance:
  m_ObjectHideFlags: 0
  serializedVersion: 2
  m_Modification:
    m_TransformParent: {fileID: 6094537645385245889}
    m_Modifications:
    - target: {fileID: 1097373970903209944, guid: 1072c1b283b5f2549af54fdfa39cab22,
        type: 3}
      propertyPath: m_Enabled
      value: 1
      objectReference: {fileID: 0}
    - target: {fileID: 1097373970903209944, guid: 1072c1b283b5f2549af54fdfa39cab22,
        type: 3}
      propertyPath: m_EffectColor.a
      value: 0.5019608
      objectReference: {fileID: 0}
    - target: {fileID: 1097373970903209944, guid: 1072c1b283b5f2549af54fdfa39cab22,
        type: 3}
      propertyPath: m_EffectColor.b
      value: 0
      objectReference: {fileID: 0}
    - target: {fileID: 1097373970903209944, guid: 1072c1b283b5f2549af54fdfa39cab22,
        type: 3}
      propertyPath: m_EffectColor.g
      value: 0
      objectReference: {fileID: 0}
    - target: {fileID: 1097373970903209944, guid: 1072c1b283b5f2549af54fdfa39cab22,
        type: 3}
      propertyPath: m_EffectColor.r
      value: 0
      objectReference: {fileID: 0}
    - target: {fileID: 1097373970903209944, guid: 1072c1b283b5f2549af54fdfa39cab22,
        type: 3}
      propertyPath: m_UseGraphicAlpha
      value: 0
      objectReference: {fileID: 0}
    - target: {fileID: 1097373970903209944, guid: 1072c1b283b5f2549af54fdfa39cab22,
        type: 3}
      propertyPath: m_EffectDistance.x
      value: -5
      objectReference: {fileID: 0}
    - target: {fileID: 1097373970903209944, guid: 1072c1b283b5f2549af54fdfa39cab22,
        type: 3}
      propertyPath: m_EffectDistance.y
      value: -5
      objectReference: {fileID: 0}
    - target: {fileID: 4027146875538660256, guid: 1072c1b283b5f2549af54fdfa39cab22,
        type: 3}
      propertyPath: m_IsActive
      value: 1
      objectReference: {fileID: 0}
    - target: {fileID: 4393933208695591348, guid: 1072c1b283b5f2549af54fdfa39cab22,
        type: 3}
      propertyPath: m_AnchoredPosition.x
      value: 9.000015
      objectReference: {fileID: 0}
    - target: {fileID: 6944431735778903973, guid: 1072c1b283b5f2549af54fdfa39cab22,
        type: 3}
      propertyPath: m_AnchorMax.y
      value: 0
      objectReference: {fileID: 0}
    - target: {fileID: 6944431735778903973, guid: 1072c1b283b5f2549af54fdfa39cab22,
        type: 3}
      propertyPath: m_AnchorMin.y
      value: 0
      objectReference: {fileID: 0}
    - target: {fileID: 6944431735778903973, guid: 1072c1b283b5f2549af54fdfa39cab22,
        type: 3}
      propertyPath: m_SizeDelta.x
      value: 0
      objectReference: {fileID: 0}
    - target: {fileID: 6944431735778903973, guid: 1072c1b283b5f2549af54fdfa39cab22,
        type: 3}
      propertyPath: m_SizeDelta.y
      value: 0
      objectReference: {fileID: 0}
    - target: {fileID: 6944431735778903973, guid: 1072c1b283b5f2549af54fdfa39cab22,
        type: 3}
      propertyPath: m_AnchoredPosition.x
      value: 0
      objectReference: {fileID: 0}
    - target: {fileID: 6944431735778903973, guid: 1072c1b283b5f2549af54fdfa39cab22,
        type: 3}
      propertyPath: m_AnchoredPosition.y
      value: 0
      objectReference: {fileID: 0}
    - target: {fileID: 9118146585021296240, guid: 1072c1b283b5f2549af54fdfa39cab22,
        type: 3}
      propertyPath: m_text
      value: ...
      objectReference: {fileID: 0}
    - target: {fileID: 9118146585021296243, guid: 1072c1b283b5f2549af54fdfa39cab22,
        type: 3}
      propertyPath: m_AnchorMax.y
      value: 0
      objectReference: {fileID: 0}
    - target: {fileID: 9118146585021296243, guid: 1072c1b283b5f2549af54fdfa39cab22,
        type: 3}
      propertyPath: m_AnchorMin.y
      value: 0
      objectReference: {fileID: 0}
    - target: {fileID: 9118146585021296243, guid: 1072c1b283b5f2549af54fdfa39cab22,
        type: 3}
      propertyPath: m_SizeDelta.x
      value: 0
      objectReference: {fileID: 0}
    - target: {fileID: 9118146585021296243, guid: 1072c1b283b5f2549af54fdfa39cab22,
        type: 3}
      propertyPath: m_SizeDelta.y
      value: 0
      objectReference: {fileID: 0}
    - target: {fileID: 9118146585021296243, guid: 1072c1b283b5f2549af54fdfa39cab22,
        type: 3}
      propertyPath: m_AnchoredPosition.x
      value: 0
      objectReference: {fileID: 0}
    - target: {fileID: 9118146585021296243, guid: 1072c1b283b5f2549af54fdfa39cab22,
        type: 3}
      propertyPath: m_AnchoredPosition.y
      value: 0
      objectReference: {fileID: 0}
    - target: {fileID: 9118146585483011942, guid: 1072c1b283b5f2549af54fdfa39cab22,
        type: 3}
      propertyPath: m_Pivot.x
      value: 0
      objectReference: {fileID: 0}
    - target: {fileID: 9118146585483011942, guid: 1072c1b283b5f2549af54fdfa39cab22,
        type: 3}
      propertyPath: m_Pivot.y
      value: 1
      objectReference: {fileID: 0}
    - target: {fileID: 9118146585483011942, guid: 1072c1b283b5f2549af54fdfa39cab22,
        type: 3}
      propertyPath: m_RootOrder
      value: 1
      objectReference: {fileID: 0}
    - target: {fileID: 9118146585483011942, guid: 1072c1b283b5f2549af54fdfa39cab22,
        type: 3}
      propertyPath: m_AnchorMax.x
      value: 0
      objectReference: {fileID: 0}
    - target: {fileID: 9118146585483011942, guid: 1072c1b283b5f2549af54fdfa39cab22,
        type: 3}
      propertyPath: m_AnchorMax.y
      value: 0
      objectReference: {fileID: 0}
    - target: {fileID: 9118146585483011942, guid: 1072c1b283b5f2549af54fdfa39cab22,
        type: 3}
      propertyPath: m_AnchorMin.x
      value: 0
      objectReference: {fileID: 0}
    - target: {fileID: 9118146585483011942, guid: 1072c1b283b5f2549af54fdfa39cab22,
        type: 3}
      propertyPath: m_AnchorMin.y
      value: 0
      objectReference: {fileID: 0}
    - target: {fileID: 9118146585483011942, guid: 1072c1b283b5f2549af54fdfa39cab22,
        type: 3}
      propertyPath: m_SizeDelta.x
      value: 0
      objectReference: {fileID: 0}
    - target: {fileID: 9118146585483011942, guid: 1072c1b283b5f2549af54fdfa39cab22,
        type: 3}
      propertyPath: m_SizeDelta.y
      value: 0
      objectReference: {fileID: 0}
    - target: {fileID: 9118146585483011942, guid: 1072c1b283b5f2549af54fdfa39cab22,
        type: 3}
      propertyPath: m_LocalPosition.x
      value: 0
      objectReference: {fileID: 0}
    - target: {fileID: 9118146585483011942, guid: 1072c1b283b5f2549af54fdfa39cab22,
        type: 3}
      propertyPath: m_LocalPosition.y
      value: 0
      objectReference: {fileID: 0}
    - target: {fileID: 9118146585483011942, guid: 1072c1b283b5f2549af54fdfa39cab22,
        type: 3}
      propertyPath: m_LocalPosition.z
      value: 0
      objectReference: {fileID: 0}
    - target: {fileID: 9118146585483011942, guid: 1072c1b283b5f2549af54fdfa39cab22,
        type: 3}
      propertyPath: m_LocalRotation.w
      value: 1
      objectReference: {fileID: 0}
    - target: {fileID: 9118146585483011942, guid: 1072c1b283b5f2549af54fdfa39cab22,
        type: 3}
      propertyPath: m_LocalRotation.x
      value: 0
      objectReference: {fileID: 0}
    - target: {fileID: 9118146585483011942, guid: 1072c1b283b5f2549af54fdfa39cab22,
        type: 3}
      propertyPath: m_LocalRotation.y
      value: 0
      objectReference: {fileID: 0}
    - target: {fileID: 9118146585483011942, guid: 1072c1b283b5f2549af54fdfa39cab22,
        type: 3}
      propertyPath: m_LocalRotation.z
      value: 0
      objectReference: {fileID: 0}
    - target: {fileID: 9118146585483011942, guid: 1072c1b283b5f2549af54fdfa39cab22,
        type: 3}
      propertyPath: m_AnchoredPosition.x
      value: 0
      objectReference: {fileID: 0}
    - target: {fileID: 9118146585483011942, guid: 1072c1b283b5f2549af54fdfa39cab22,
        type: 3}
      propertyPath: m_AnchoredPosition.y
      value: 0
      objectReference: {fileID: 0}
    - target: {fileID: 9118146585483011942, guid: 1072c1b283b5f2549af54fdfa39cab22,
        type: 3}
      propertyPath: m_LocalEulerAnglesHint.x
      value: 0
      objectReference: {fileID: 0}
    - target: {fileID: 9118146585483011942, guid: 1072c1b283b5f2549af54fdfa39cab22,
        type: 3}
      propertyPath: m_LocalEulerAnglesHint.y
      value: 0
      objectReference: {fileID: 0}
    - target: {fileID: 9118146585483011942, guid: 1072c1b283b5f2549af54fdfa39cab22,
        type: 3}
      propertyPath: m_LocalEulerAnglesHint.z
      value: 0
      objectReference: {fileID: 0}
    - target: {fileID: 9118146585483011943, guid: 1072c1b283b5f2549af54fdfa39cab22,
        type: 3}
      propertyPath: m_Name
      value: TextBox (Messages)
      objectReference: {fileID: 0}
    m_RemovedComponents:
    - {fileID: 3335808708718186282, guid: 1072c1b283b5f2549af54fdfa39cab22, type: 3}
    - {fileID: 1109577302808812684, guid: 1072c1b283b5f2549af54fdfa39cab22, type: 3}
  m_SourcePrefab: {fileID: 100100000, guid: 1072c1b283b5f2549af54fdfa39cab22, type: 3}
--- !u!224 &4422463033711449815 stripped
RectTransform:
  m_CorrespondingSourceObject: {fileID: 9118146585483011942, guid: 1072c1b283b5f2549af54fdfa39cab22,
    type: 3}
  m_PrefabInstance: {fileID: 4887976457454563761}
  m_PrefabAsset: {fileID: 0}
--- !u!114 &7787029707526764541 stripped
MonoBehaviour:
  m_CorrespondingSourceObject: {fileID: 3442019992009623116, guid: 1072c1b283b5f2549af54fdfa39cab22,
    type: 3}
  m_PrefabInstance: {fileID: 4887976457454563761}
  m_PrefabAsset: {fileID: 0}
  m_GameObject: {fileID: 0}
  m_Enabled: 1
  m_EditorHideFlags: 0
  m_Script: {fileID: 11500000, guid: f4688fdb7df04437aeb418b961361dc5, type: 3}
  m_Name: 
  m_EditorClassIdentifier: 
--- !u!1 &4422463033283944389 stripped
GameObject:
  m_CorrespondingSourceObject: {fileID: 9118146585021296244, guid: 1072c1b283b5f2549af54fdfa39cab22,
    type: 3}
  m_PrefabInstance: {fileID: 4887976457454563761}
  m_PrefabAsset: {fileID: 0}
--- !u!114 &8538768235770598784 stripped
MonoBehaviour:
  m_CorrespondingSourceObject: {fileID: 3867000848642204721, guid: 1072c1b283b5f2549af54fdfa39cab22,
    type: 3}
  m_PrefabInstance: {fileID: 4887976457454563761}
  m_PrefabAsset: {fileID: 0}
  m_GameObject: {fileID: 4422463033283944389}
  m_Enabled: 1
  m_EditorHideFlags: 0
  m_Script: {fileID: 11500000, guid: 57a6945b90dcd0c4b81619c0d8b5c283, type: 3}
  m_Name: 
  m_EditorClassIdentifier: 
--- !u!114 &4238715152531305393
MonoBehaviour:
  m_ObjectHideFlags: 0
  m_CorrespondingSourceObject: {fileID: 0}
  m_PrefabInstance: {fileID: 0}
  m_PrefabAsset: {fileID: 0}
  m_GameObject: {fileID: 4422463033283944389}
  m_Enabled: 1
  m_EditorHideFlags: 0
  m_Script: {fileID: 11500000, guid: 306cc8c2b49d7114eaa3623786fc2126, type: 3}
  m_Name: 
  m_EditorClassIdentifier: 
  m_IgnoreLayout: 0
  m_MinWidth: 60
  m_MinHeight: -1
  m_PreferredWidth: -1
  m_PreferredHeight: -1
  m_FlexibleWidth: -1
  m_FlexibleHeight: -1
  m_LayoutPriority: 1
